<?xml version="1.0" encoding="UTF-8"?><collection xmlns="http://www.loc.gov/MARC21/slim"><record><leader>00397nam--2200133-i-4500</leader><controlfield tag="001">000003789</controlfield><controlfield tag="002">20161230</controlfield><controlfield tag="005">20161230201025</controlfield><controlfield tag="008">060222s1000------------r-----000-0-eng-d</controlfield><datafield ind1=" " ind2=" " tag="080"><subfield code="a">621.791.57</subfield></datafield><datafield ind1=" " ind2=" " tag="100"><subfield code="a">Batmanov, V.A</subfield></datafield><datafield ind1=" " ind2=" " tag="245"><subfield code="a">Repararea utilajului industrial prin sudura fascicola 2 traducere din limba rusa</subfield></datafield><datafield ind1=" " ind2=" " tag="260"><subfield code="a">Bucuresti, Institutul De Documentare Tehnica 1951 104 P</subfield></datafield><datafield ind1=" " ind2=" " tag="852"><subfield code="a">26273</subfield></datafield></record></collection>